@online{OSM,
author = {OpenStreetMap},
title = {OpenStreetMap Website},
date = {20/01/2014},
howpublished  = "\url{http://www.openstreetmap.org/about}",
}

@online{googleAPI,
author = {Google},
title = {Google Maps API},
date = {20/01/2014},
howpublished = "\url{https://developers.google.com/maps/}",
}

@online{git,
author = {Git},
title = {Git Website},
date = {20/01/2014},
howpublished = "\url{http://git-scm.com/about}",
}

@online{android,
author = {Google},
title = {Android Website},
date = {20/01/2014},
howpublished = "\url{http://www.google.com/mobile/android/}",
}

@thesis{formulaVis,
author = {Lewis Hancock},
title = {FormulaVis: System Requirements Specification},
type = {Dissertation},
institution = {Swansea University},
date = {December 2013},
}

@thesis{restWeb,
author = {Thomas Milner},
title = {A RESTful Document Archival System.},
type = {Dissertation},
institution = {Swansea University},
date = {December 2013},
}

@thesis{initialDoc,
author = {Adam Barrell, Lewis Hancock, Thomas Milner, Chris Lewis},
title = {White Rock Digital Trails: Team Structure, Methodology, Requirements and Specifications},
type = {Initial Document},
institution = {Swansea University},
date = {February 2014},
}

@misc{Spiral,
  author = "Max Wideman",
  title  = "The Spiral Model Approach",
  month  = "December",
  year   = "2013",
  howpublished  = "\url{http://www.maxwideman.com/papers/linearity/spiral.htm}",
}

@book{xpRefactored,
 author = {Stephens, Matthew and Rosenberg, Doug},
 title = {Extreme Programming Refactored: The Case Against XP},
 year = {2003},
 isbn = {1590590961},
 publisher = {APress L. P.},
} 

@misc{github,
author = {GitHub},
title = {GitHub Website},
date = {20/01/2014},
howpublished = "\url{http://www.github.com}",
}

@consortium{spcPrototyping,
author = {{Software Productivity Consortium}},
title = {Evolutionary Rapid Development},
date = {June 1997},
version = {01.00.04},
}

@misc{xpCircles,
author = {XProgramming},
title = {XP Practices},
date = {20/01/2014},
howpublished = "\url{http://xprogramming.com/images/circles.jpg}",
}

@book{Cockburn,
 author = {Cockburn, Alistair},
 title = {Crystal Clear a Human-powered Methodology for Small Teams},
 year = {2004},
 isbn = {0201699478},
 edition = {First},
 publisher = {Addison-Wesley Professional},
} 


@misc{whiterock,
author = {White Rock Swansea},
title = {White Rock Org Website},
date = {21/01/14},
howpublished = "\url{http://www.whiterocktrails.org}",
}

@misc{pencil,
  title = {Pencil prototyping software.},
  howpublished = {\url{http://pencil.evolus.vn}},
  note = {Accessed: 20-02-2014}
}


@misc{langpop,
  title = {Programming language popularity.},
  howpublished = {\url{http://langpop.com}},
  note = {Accessed: 20-02-2014}
}

@misc{auth,
 title = {Designing a Secure REST (Web) API without OAuth},
 author = {Riyad Kalla},
 howpublished = {\url{http://www.thebuzzmedia.com/designing-a-secure-rest-api-without-oauth-authentication/}},
 note = {Accessed: 22-02-2014}
}

@misc{slim,
	title = {Slim Framework},
	howpublished = {\url{http://www.slimframework.com}},
	note = {Accessed: 29-01-2014}
}

@misc{paris, 
	title = {Paris ORM},
	howpublished = {\url{http://j4mie.github.io/idiormandparis/}},
	note = {Accessed: 29-01-2014}
}

@techreport{TomMilestone2,
	title = {Milestone 2},
	author = {Thomas Milner},
	year = {2014},
	institution = {Swansea University},
	month = {Febuary}
}

@misc{bootstrap,
  title = {Bootstrap CSS Framework.},
  howpublished = {\url{http://getbootstrap.com/}},
  note = {Accessed: 25-03-2014}
}

@misc{foundation,
  title = {Foundation CSS Framework.},
  howpublished = {\url{http://foundation.zurb.com}},
  note = {Accessed: 25-03-2014}
}
@misc{zimit,
  title = {Zimit CSS Framework.},
  howpublished = {\url{http://firezenk.github.io/zimit/}},
  note = {Accessed: 25-03-2014}
}
@mist{backbone,
	title = {Backbone JS},
	howpublished = {\url{http://backbonejs.org}},
    note= {Accessed: 25-03-2014}
}

@mist{angular,
	title = {AngularJS},
	howpublished = {\url{http://angularjs.org}},
    note= {Accessed: 25-03-2014}
}
@mist{ember,
	title = {EmberJS},
	howpublished = {\url{http://emberjs.com}},
    note= {Accessed: 25-03-2014}
}
    