@online{OSM,
author = {OpenStreetMap},
title = {OpenStreetMap Website},
date = {20/01/2014},
howpublished  = "\url{http://www.openstreetmap.org/about}",
}

@online{googleAPI,
author = {Google},
title = {Google Maps API},
date = {20/01/2014},
howpublished = "\url{https://developers.google.com/maps/}",
}

@online{git,
author = {Git},
title = {Git Website},
date = {20/01/2014},
howpublished = "\url{http://git-scm.com/about}",
}

@online{android,
author = {Google},
title = {Android Website},
date = {20/01/2014},
howpublished = "\url{http://www.google.com/mobile/android/}",
}

@thesis{formulaVis,
author = {Lewis Hancock},
title = {FormulaVis: System Requirements Specification},
type = {Dissertation},
institution = {Swansea University},
date = {December 2013},
}

@thesis{milestone1,
author = {Adam Barrell, Tom Milner, Chris Lewis, Lewis Hancock},
title = {White Rock Trails: Milestone 1},
type = {Requirements and Specifications},
institution = {Swansea University},
date = {January 2014},
}

@thesis{restWeb,
author = {Thomas Milner},
title = {A RESTful Document Archival System.},
type = {Dissertation},
institution = {Swansea University},
date = {December 2013},
}

@misc{Spiral,
  author = "Max Wideman",
  title  = "The Spiral Model Approach",
  month  = "December",
  year   = "2013",
  howpublished  = "\url{http://www.maxwideman.com/papers/linearity/spiral.htm}",
}

@book{xpRefactored,
 author = {Stephens, Matthew and Rosenberg, Doug},
 title = {Extreme Programming Refactored: The Case Against XP},
 year = {2003},
 isbn = {1590590961},
 publisher = {APress L. P.},
} 

@misc{github,
author = {GitHub},
title = {GitHub Website},
date = {20/01/2014},
howpublished = "\url{http://www.github.com}",
}

@consortium{spcPrototyping,
author = {{Software Productivity Consortium}},
title = {Evolutionary Rapid Development},
date = {June 1997},
version = {01.00.04},
}

@misc{xpCircles,
author = {XProgramming},
title = {XP Practices},
date = {20/01/2014},
howpublished = "\url{http://xprogramming.com/images/circles.jpg}",
}

@book{Cockburn,
 author = {Cockburn, Alistair},
 title = {Crystal Clear a Human-powered Methodology for Small Teams},
 year = {2004},
 isbn = {0201699478},
 edition = {First},
 publisher = {Addison-Wesley Professional},
} 


@misc{whiterock,
author = {White Rock Swansea},
title = {White Rock Org Website},
date = {21/01/14},
howpublished = "\url{http://www.whiterocktrails.org}",
}
